@CONFERENCE{itmm2014,
  author = {Долгов, Д.А.},
  title = {Численное моделирование динамики жидкости в крупных кровеносных сосудах},
  booktitle = {Материалы XIII Международной научно-пракрической конференции имени А.Ф. Терпугова},
  address = {Томск},
  year = {2014},
  pages = {31--35},
  language = {russian}
}

@ARTICLE{vestnik,
  author = {Долгов, Д.А., Захаров, Ю.Н.},
  title = {Моделирование движения вязкой неоднородной жидкости в крупных кровеносных сосудах},
  journal = {Вестник Кемеровского Государственного Университета},
  year = {2015},
  volume = {1},
  number = {2 (62)},
  pages = {30--35},
  language = {russian},
}

@CONFERENCE{mnsk2015,
  author = {Долгов, Д.А.},
  title = {Моделирование движения вязкой неоднородной жидкости в крупных кровеносных сосудах},
  booktitle = {Материалы 53-й международной научной студенческой конференции},
  address = {Новосибирск},
  year = {2015},
  pages = {212},
  language = {russian},
}

@CONFERENCE{lavr2015,
  author = {Долгов, Д.А., Захаров Ю.Н.},
  title = {Моделирование движения вязкой неоднородной жидкости в искусственном сердечном клапане},
  booktitle = {VIII Международная конференция Лаврентьевские чтения по математике, механике и физике},
  address = {Новосибирск},
  year = {2015},
  pages = {104},
  language = {russian},
}

@CONFERENCE{citech2015,
  author = {Dolgov, D.A., Zakharov Y.N.},
  title = {Numerical modeling of artificial heart valve},
  booktitle = {8th International Conference CiTech 2015},
  address = {Almaty, Kazakhstan},
  year = {2015},
  pages = {33-43},
  language = {english},
}
