@article{peskin1972flow,
  title={Flow patterns around heart valves: a numerical method},
  author={Peskin, Charles S},
  journal={Journal of computational physics},
  volume={10},
  number={2},
  pages={252--271},
  year={1972},
  publisher={Elsevier}
}

@article{goldstein1993modeling,
  title={Modeling a no-slip flow boundary with an external force field},
  author={Goldstein, D and Handler, R and Sirovich, L},
  journal={Journal of Computational Physics},
  volume={105},
  number={2},
  pages={354--366},
  year={1993},
  publisher={Elsevier}
}

@article{mittal2005immersed,
  title={Immersed boundary methods},
  author={Mittal, Rajat and Iaccarino, Gianluca},
  journal={Annu. Rev. Fluid Mech.},
  volume={37},
  pages={239--261},
  year={2005},
  publisher={Annual Reviews}
}

@article{griffith2012immersed,
  title={Immersed boundary model of aortic heart valve dynamics with physiological driving and loading conditions},
  author={Griffith, Boyce E},
  journal={International Journal for Numerical Methods in Biomedical Engineering},
  volume={28},
  number={3},
  pages={317--345},
  year={2012},
  publisher={Wiley Online Library}
}

@article{peskin1989three,
  title={A three-dimensional computational method for blood flow in the heart I. Immersed elastic fibers in a viscous incompressible fluid},
  author={Peskin, Charles S and McQueen, David M},
  journal={Journal of Computational Physics},
  volume={81},
  number={2},
  pages={372--405},
  year={1989},
  publisher={Elsevier}
}

@article{peskin2002immersed,
  title={The immersed boundary method},
  author={Peskin, Charles S},
  journal={Acta numerica},
  volume={11},
  pages={479--517},
  year={2002},
  publisher={Cambridge Univ Press}
}

@article{griffith2009simulating,
  title={Simulating the fluid dynamics of natural and prosthetic heart valves using the immersed boundary method},
  author={Griffith, Boyce E and Luo, Xiaoyu and McQueen, David M and Peskin, Charles S},
  journal={International Journal of Applied Mechanics},
  volume={1},
  number={01},
  pages={137--177},
  year={2009},
  publisher={World Scientific}
}

@book{gere1997mechanics,
  title={Mechanics of materials},
  author={Gere, J.M. and Timoshenko, S.P.},
  isbn={9780534934293},
  lccn={96023310},
  series={General Engineering Series},
  year={1997},
  publisher={PWS Pub Co.}
}

@CONFERENCE{itmm2014,
  author = {Долгов, Д.А.},
  title = {Численное моделирование динамики жидкости в крупных кровеносных сосудах},
  booktitle = {Материалы XIII Международной научно-пракрической конференции имени А.Ф. Терпугова},
  address = {Томск},
  year = {2014},
  pages = {31--35},
  language = {russian}
}

@ARTICLE{vestnik,
  author = {Долгов, Д.А., Захаров, Ю.Н.},
  title = {Моделирование движения вязкой неоднородной жидкости в крупных кровеносных сосудах},
  journal = {Вестник Кемеровского Государственного Университета},
  year = {2015},
  volume = {1},
  number = {2 (62)},
  pages = {30--35},
  language = {russian},
}

@CONFERENCE{mnsk2015,
  author = {Долгов, Д.А.},
  title = {Моделирование движения вязкой неоднородной жидкости в крупных кровеносных сосудах},
  booktitle = {Материалы 53-й международной научной студенческой конференции},
  address = {Новосибирск},
  year = {2015},
  pages = {212},
  language = {russian},
}

@CONFERENCE{lavr2015,
  author = {Долгов, Д.А., Захаров Ю.Н.},
  title = {Моделирование движения вязкой неоднородной жидкости в искусственном сердечном клапане},
  booktitle = {VIII Международная конференция Лаврентьевские чтения по математике, механике и физике},
  address = {Новосибирск},
  year = {2015},
  pages = {104},
  language = {russian},
}

@CONFERENCE{citech2015,
  author = {Dolgov, D.A., Zakharov Y.N.},
  title = {Numerical modeling of artificial heart valve},
  booktitle = {8th International Conference CiTech 2015},
  address = {Almaty, Kazakhstan},
  year = {2015},
  pages = {33-43},
  language = {english},
}
