@book{whitmore1968rheology,
  title={Rheology of the Circulation},
  author={Whitmore, Raymond Leslie},
  year={1968},
  publisher={Pergamon}
}

@article{gummel2013motion,
  title={Motion of viscous inhomogeneous incompressible fluid of variable viscosity},
  author={Gummel, EE and Milosevic, H and Ragulin, VV and Zakharov, YN and Zimin, AI},
  journal={Zbornik radova konferencije MIT},
  pages={2013--14},
  year={2013}
}

@article{peskin2002immersed,
  title={The immersed boundary method},
  author={Peskin, Charles S},
  journal={Acta numerica},
  volume={11},
  pages={479--517},
  year={2002},
  publisher={Cambridge Univ Press}
}

@article{goldstein1993modeling,
  title={Modeling a no-slip flow boundary with an external force field},
  author={Goldstein, D and Handler, R and Sirovich, L},
  journal={Journal of Computational Physics},
  volume={105},
  number={2},
  pages={354--366},
  year={1993},
  publisher={Elsevier}
}

@article{mittal2005immersed,
  title={Immersed boundary methods},
  author={Mittal, Rajat and Iaccarino, Gianluca},
  journal={Annu. Rev. Fluid Mech.},
  volume={37},
  pages={239--261},
  year={2005},
  publisher={Annual Reviews}
}

@article{griffith2009simulating,
  title={Simulating the fluid dynamics of natural and prosthetic heart valves using the immersed boundary method},
  author={Griffith, Boyce E and Luo, Xiaoyu and McQueen, David M and Peskin, Charles S},
  journal={International Journal of Applied Mechanics},
  volume={1},
  number={01},
  pages={137--177},
  year={2009},
  publisher={World Scientific}
}

@book{gere1997mechanics,
  title={Mechanics of materials},
  author={Gere, J.M. and Timoshenko, S.P.},
  isbn={9780534934293},
  lccn={96023310},
  series={General Engineering Series},
  year={1997},
  publisher={PWS Pub Co.}
}

@article{luo2012effect,
  title={Effect of bending rigidity in a dynamic model of a polyurethane prosthetic mitral valve},
  author={Luo, XY and Griffith, BE and Ma, XS and Yin, M and Wang, TJ and Liang, CL and Watton, PN and Bernacca, GM},
  journal={Biomechanics and modeling in mechanobiology},
  volume={11},
  number={6},
  pages={815--827},
  year={2012},
  publisher={Springer}
}

@article{flamini2015immersed,
  title={Immersed boundary-finite element model of fluid-structure interaction in the aortic root},
  author={Flamini, Vittoria and DeAnda, Abe and Griffith, Boyce E},
  journal={arXiv preprint arXiv:1501.02287},
  year={2015}
}

@article{murgo1980aortic,
  title={Aortic input impedance in normal man: relationship to pressure wave forms.},
  author={Murgo, JOSEPH P and Westerhof, NICO and Giolma, JOHN P and Altobelli, STEPHEN A},
  journal={Circulation},
  volume={62},
  number={1},
  pages={105--116},
  year={1980},
  publisher={Am Heart Assoc}
}

@article{conti2010dynamic,
  title={Dynamic finite element analysis of the aortic root from MRI-derived parameters},
  author={Conti, Carlo A and Votta, Emiliano and Della Corte, Alessandro and Del Viscovo, Luca and Bancone, Ciro and Cotrufo, Maurizio and Redaelli, Alberto},
  journal={Medical engineering \& physics},
  volume={32},
  number={2},
  pages={212--221},
  year={2010},
  publisher={Elsevier}
}

@article{griffith2012immersed,
  title={Immersed boundary model of aortic heart valve dynamics with physiological driving and loading conditions},
  author={Griffith, Boyce E},
  journal={International Journal for Numerical Methods in Biomedical Engineering},
  volume={28},
  number={3},
  pages={317--345},
  year={2012},
  publisher={Wiley Online Library}
}

@book{белоцерковский1984численное,
  title={Численное моделирование в механике сплошных сред},
  author={Белоцерковский, Олег Михайлович},
  year={1984},
  publisher={Наука. Гл. ред. физ.-мат. лит.}
}

@book{яненко1967метод,
  title={Метод дробных шагов решения многомерных задач математической физики},
  author={Яненко, Николай Николаевич},
  year={1967},
  publisher={Издательство" Наукa", Сибирское отделение}
}

@article{griffith2012immersed,
  title={Immersed boundary model of aortic heart valve dynamics with physiological driving and loading conditions},
  author={Griffith, Boyce E},
  journal={International Journal for Numerical Methods in Biomedical Engineering},
  volume={28},
  number={3},
  pages={317--345},
  year={2012},
  publisher={Wiley Online Library}
}

@misc{aha2015,
  author = {American Heart Association},
  title = {Heart Disease and Stroke Statistics},
  year = 2015,
  url = {https://www.heart.org/idc/groups/ahamah-public/@wcm/@sop/@smd/documents/downloadable/ucm_470704.pdf},
  urldate = {2016-01-21}
}

@misc{duke2015,
  author = {Duke Clinical Research Institute},
  title = {Adult Cardiac Surgery Database, Executive Summary},
  year = 2015,
  url = {http://www.sts.org/sites/default/files/documents/2015Harvest2_ExecutiveSummary.pdf},
  urldate = {2016-01-21}
}

@article{бокерия2008механическое,
  title={Механическое напряжение в створках митрального клапана и биопротеза в митральной позиции. Влияние геометрии фиброзного кольца на величину напряжения створок.},
  author={Бокерия, ЛА and Скопин, ИИ and Сазоненков, МА and Тумаев, ЕН},
  journal={Клиническая физиология кровообращения},
  volume={2},
  pages={73--80},
  year={2008},
  publisher={Научный центр сердечно-сосудистой хирургии им. АН Бакулева РАМН}
}

@article{kim2009nonlinear,
  title={Nonlinear multi-scale anisotropic material and structural models for prosthetic and native aortic heart valves},
  author={Kim, Hee Sun},
  year={2009},
  publisher={Georgia Institute of Technology}
}

@article{taylor1998finite,
  title={Finite element modeling of blood flow in arteries},
  author={Taylor, Charles A and Hughes, Thomas JR and Zarins, Christopher K},
  journal={Computer methods in applied mechanics and engineering},
  volume={158},
  number={1},
  pages={155--196},
  year={1998},
  publisher={Elsevier}
}

@article{zhang2004finite,
  title={Finite element meshing for cardiac analysis},
  author={Zhang, Yongjie and Bajaj, Chandrajit},
  journal={Univ. of Texas at Austin: ICES Technical Report},
  year={2004}
}

@article{black1991three,
  title={A three-dimensional analysis of a bioprosthetic heart valve},
  author={Black, MM and Howard, IC and Huang, X and Patterson, EA},
  journal={Journal of Biomechanics},
  volume={24},
  number={9},
  pages={793--801},
  year={1991},
  publisher={Elsevier}
}

@article{ma2013image,
  title={Image-based fluid--structure interaction model of the human mitral valve},
  author={Ma, Xingshuang and Gao, Hao and Griffith, Boyce E and Berry, Colin and Luo, Xiaoyu},
  journal={Computers \& Fluids},
  volume={71},
  pages={417--425},
  year={2013},
  publisher={Elsevier}
}

@article{geidarov2011solution,
  title={Solution of the problem of a viscous fluid flow with a given pressure differential},
  author={Geidarov, NA and Zakharov, Yu N and Shokin, Yu I},
  journal={Russian Journal of Numerical Analysis and Mathematical Modelling},
  volume={26},
  number={1},
  pages={39--48},
  year={2011}
}

@inproceedings{dolgov2015mathematical,
  title={Mathematical modelling of artificial heart valve performance},
  author={Dolgov, Dmitriy and Zakharov, Yury},
  booktitle={" Stability and Control Processes" in Memory of VI Zubov (SCP), 2015 International Conference},
  pages={518--521},
  year={2015},
  organization={IEEE}
}

@incollection{dolgov2015numerical,
  title={Numerical Modeling of Artificial Heart Valve},
  author={Dolgov, Dmitriy and Zakharov, Yury},
  booktitle={Mathematical Modeling of Technological Processes},
  pages={33--43},
  year={2015},
  publisher={Springer}
}

@article{каро1978механика,
  title={Механика кровообращения},
  author={Каро, К and others},
  year={1978},
  publisher={Мир}
}
