@book{whitmore1968rheology,
  title={Rheology of the Circulation},
  author={Whitmore, Raymond Leslie},
  year={1968},
  publisher={Pergamon}
}

@article{gummel2013motion,
  title={Motion of viscous inhomogeneous incompressible fluid of variable viscosity},
  author={Gummel, EE and Milosevic, H and Ragulin, VV and Zakharov, YN and Zimin, AI},
  journal={Zbornik radova konferencije MIT},
  pages={2013--14},
  year={2013}
}

@article{peskin2002immersed,
  title={The immersed boundary method},
  author={Peskin, Charles S},
  journal={Acta numerica},
  volume={11},
  pages={479--517},
  year={2002},
  publisher={Cambridge Univ Press}
}

@article{goldstein1993modeling,
  title={Modeling a no-slip flow boundary with an external force field},
  author={Goldstein, D and Handler, R and Sirovich, L},
  journal={Journal of Computational Physics},
  volume={105},
  number={2},
  pages={354--366},
  year={1993},
  publisher={Elsevier}
}

@article{mittal2005immersed,
  title={Immersed boundary methods},
  author={Mittal, Rajat and Iaccarino, Gianluca},
  journal={Annu. Rev. Fluid Mech.},
  volume={37},
  pages={239--261},
  year={2005},
  publisher={Annual Reviews}
}

